@Manual{R-base,
  title = {R: A Language and Environment for Statistical Computing},
  author = {{R Core Team}},
  organization = {R Foundation for Statistical Computing},
  address = {Vienna, Austria},
  year = {2023},
  url = {https://www.R-project.org/},
}

@Manual{R-bcmaps,
  title = {bcmaps: Map Layers and Spatial Utilities for British Columbia},
  author = {Andy Teucher and Sam Albers and Stephanie Hazlitt},
  year = {2023},
  note = {R package version 1.1.0},
  url = {https://github.com/bcgov/bcmaps},
}

@Manual{R-dplyr,
  title = {dplyr: A Grammar of Data Manipulation},
  author = {Hadley Wickham and Romain François and Lionel Henry and Kirill Müller and Davis Vaughan},
  year = {2023},
  note = {R package version 1.1.2},
  url = {https://CRAN.R-project.org/package=dplyr},
}

@Manual{R-forcats,
  title = {forcats: Tools for Working with Categorical Variables (Factors)},
  author = {Hadley Wickham},
  year = {2023},
  note = {R package version 1.0.0},
  url = {https://CRAN.R-project.org/package=forcats},
}

@Manual{R-ggplot2,
  title = {ggplot2: Create Elegant Data Visualisations Using the Grammar of Graphics},
  author = {Hadley Wickham and Winston Chang and Lionel Henry and Thomas Lin Pedersen and Kohske Takahashi and Claus Wilke and Kara Woo and Hiroaki Yutani and Dewey Dunnington},
  year = {2023},
  note = {R package version 3.4.2},
  url = {https://CRAN.R-project.org/package=ggplot2},
}

@Manual{R-gt,
  title = {gt: Easily Create Presentation-Ready Display Tables},
  author = {Richard Iannone and Joe Cheng and Barret Schloerke and Ellis Hughes and Alexandra Lauer and JooYoung Seo},
  year = {2023},
  note = {R package version 0.9.0},
  url = {https://CRAN.R-project.org/package=gt},
}

@Manual{R-lattice,
  title = {lattice: Trellis Graphics for R},
  author = {Deepayan Sarkar},
  year = {2021},
  note = {R package version 0.20-45},
  url = {http://lattice.r-forge.r-project.org/},
}

@Manual{R-lubridate,
  title = {lubridate: Make Dealing with Dates a Little Easier},
  author = {Vitalie Spinu and Garrett Grolemund and Hadley Wickham},
  year = {2023},
  note = {R package version 1.9.2},
  url = {https://CRAN.R-project.org/package=lubridate},
}

@Manual{R-permute,
  title = {permute: Functions for Generating Restricted Permutations of Data},
  author = {Gavin L. Simpson},
  year = {2022},
  note = {R package version 0.9-7},
  url = {https://github.com/gavinsimpson/permute},
}

@Manual{R-purrr,
  title = {purrr: Functional Programming Tools},
  author = {Hadley Wickham and Lionel Henry},
  year = {2023},
  note = {R package version 1.0.1},
  url = {https://CRAN.R-project.org/package=purrr},
}

@Manual{R-readr,
  title = {readr: Read Rectangular Text Data},
  author = {Hadley Wickham and Jim Hester and Jennifer Bryan},
  year = {2023},
  note = {R package version 2.1.4},
  url = {https://CRAN.R-project.org/package=readr},
}

@Manual{R-sf,
  title = {sf: Simple Features for R},
  author = {Edzer Pebesma},
  year = {2022},
  note = {R package version 1.0-9},
  url = {https://CRAN.R-project.org/package=sf},
}

@Manual{R-sgsR,
  title = {sgsR: Structurally Guided Sampling},
  author = {Tristan RH Goodbody and Nicholas C Coops and Martin Queinnec},
  year = {2023},
  note = {R package version 1.4.0},
  url = {https://CRAN.R-project.org/package=sgsR},
}

@Manual{R-stringr,
  title = {stringr: Simple, Consistent Wrappers for Common String Operations},
  author = {Hadley Wickham},
  year = {2022},
  note = {R package version 1.5.0},
  url = {https://CRAN.R-project.org/package=stringr},
}

@Manual{R-terra,
  title = {terra: Spatial Data Analysis},
  author = {Robert J. Hijmans},
  year = {2023},
  note = {R package version 1.7-3},
  url = {https://rspatial.org/terra/},
}

@Manual{R-tibble,
  title = {tibble: Simple Data Frames},
  author = {Kirill Müller and Hadley Wickham},
  year = {2023},
  note = {R package version 3.2.1},
  url = {https://CRAN.R-project.org/package=tibble},
}

@Manual{R-tidyr,
  title = {tidyr: Tidy Messy Data},
  author = {Hadley Wickham and Davis Vaughan and Maximilian Girlich},
  year = {2023},
  note = {R package version 1.3.0},
  url = {https://CRAN.R-project.org/package=tidyr},
}

@Manual{R-tidyverse,
  title = {tidyverse: Easily Install and Load the Tidyverse},
  author = {Hadley Wickham},
  year = {2023},
  note = {R package version 2.0.0},
  url = {https://CRAN.R-project.org/package=tidyverse},
}

@Manual{R-vegan,
  title = {vegan: Community Ecology Package},
  author = {Jari Oksanen and Gavin L. Simpson and F. Guillaume Blanchet and Roeland Kindt and Pierre Legendre and Peter R. Minchin and R.B. O'Hara and Peter Solymos and M. Henry H. Stevens and Eduard Szoecs and Helene Wagner and Matt Barbour and Michael Bedward and Ben Bolker and Daniel Borcard and Gustavo Carvalho and Michael Chirico and Miquel {De Caceres} and Sebastien Durand and Heloisa Beatriz Antoniazi Evangelista and Rich FitzJohn and Michael Friendly and Brendan Furneaux and Geoffrey Hannigan and Mark O. Hill and Leo Lahti and Dan McGlinn and Marie-Helene Ouellette and Eduardo {Ribeiro Cunha} and Tyler Smith and Adrian Stier and Cajo J.F. {Ter Braak} and James Weedon},
  year = {2022},
  note = {R package version 2.6-4},
  url = {https://github.com/vegandevs/vegan},
}

@Book{ggplot22016,
  author = {Hadley Wickham},
  title = {ggplot2: Elegant Graphics for Data Analysis},
  publisher = {Springer-Verlag New York},
  year = {2016},
  isbn = {978-3-319-24277-4},
  url = {https://ggplot2.tidyverse.org},
}

@Book{lattice2008,
  title = {Lattice: Multivariate Data Visualization with R},
  author = {Deepayan Sarkar},
  publisher = {Springer},
  address = {New York},
  year = {2008},
  note = {ISBN 978-0-387-75968-5},
  url = {http://lmdvr.r-forge.r-project.org},
}

@Article{lubridate2011,
  title = {Dates and Times Made Easy with {lubridate}},
  author = {Garrett Grolemund and Hadley Wickham},
  journal = {Journal of Statistical Software},
  year = {2011},
  volume = {40},
  number = {3},
  pages = {1--25},
  url = {https://www.jstatsoft.org/v40/i03/},
}

@Article{sf2018,
  author = {Edzer Pebesma},
  title = {{Simple Features for R: Standardized Support for Spatial Vector Data}},
  year = {2018},
  journal = {{The R Journal}},
  doi = {10.32614/RJ-2018-009},
  url = {https://doi.org/10.32614/RJ-2018-009},
  pages = {439--446},
  volume = {10},
  number = {1},
}

@Manual{sgsR2023,
  title = {sgsR: a structurally guided sampling toolbox for LiDAR-based forest inventories.},
  author = {Tristan R.H. Goodbody and Nicholas C. Coops and Martin Queinnec and Joanne C. White and Piotr Tompalski and Andrew T. Hudak and David Auty and Ruben Valbuena and Antoine LeBoeuf and Ian Sinclair and Grant McCartney and Jean-Francois Prieur and Murray E. Woods},
  journal = {Forestry: An International Journal of Forest Research},
  year = {2023},
  doi = {10.1093/forestry/cpac055},
}

@Article{tidyverse2019,
  title = {Welcome to the {tidyverse}},
  author = {Hadley Wickham and Mara Averick and Jennifer Bryan and Winston Chang and Lucy D'Agostino McGowan and Romain François and Garrett Grolemund and Alex Hayes and Lionel Henry and Jim Hester and Max Kuhn and Thomas Lin Pedersen and Evan Miller and Stephan Milton Bache and Kirill Müller and Jeroen Ooms and David Robinson and Dana Paige Seidel and Vitalie Spinu and Kohske Takahashi and Davis Vaughan and Claus Wilke and Kara Woo and Hiroaki Yutani},
  year = {2019},
  journal = {Journal of Open Source Software},
  volume = {4},
  number = {43},
  pages = {1686},
  doi = {10.21105/joss.01686},
}

