
@article{AB2/KET75X_2015,
	title = {University of British Columbia Point Grey Campus LiDAR, 2015},
	author = {{University of British Columbia,}, },
	year = {2015},
	date = {2015},
	doi = {11272.1/AB2/KET75X},
	url = {https://hdl.handle.net/11272.1/AB2/KET75X},
	note = {Citation Key: AB2/KET75X{\_}2015
Publisher: Abacus Data Network
tex.referencetype: data
tex.version: V2}
}
